@article{manabe2018,
   author = "Manabe, A.",
   TITLE = "A novel growth function incorporating the effects of reproductive energy allocation",
   JOURNAL = "PLoS_One",
   PAGES = "e0199346",
   YEAR = "2018"
}
